<record xmlns="http://www.loc.gov/MARC21/slim" xmlns:xsi="http://www.w3.org/2001/XMLSchema-instance" xsi:schemaLocation="http://www.loc.gov/MARC21/slim http://www.loc.gov/standards/marcxml/schema/MARC21slim.xsd"><leader>00614cz   2200169n  4500</leader><controlfield tag="001">oca00073490 </controlfield><controlfield tag="005">19960917140007.8</controlfield><controlfield tag="008">800718n| acannaab|          |a aaa |||  </controlfield><datafield ind1=" " ind2=" " tag="010"><subfield code="a">n  50038257 </subfield></datafield><datafield ind1=" " ind2=" " tag="040"><subfield code="a">DLC</subfield><subfield code="c">DLC</subfield><subfield code="d">DLC</subfield></datafield><datafield ind1="0" ind2=" " tag="100"><subfield code="a">Semonides,</subfield><subfield code="c">of Amorgos</subfield></datafield><datafield ind1="0" ind2=" " tag="400"><subfield code="a">Simonides,</subfield><subfield code="c">of Amorgos</subfield></datafield><datafield ind1="0" ind2=" " tag="400"><subfield code="a">Simonides,</subfield><subfield code="c">of Samos</subfield></datafield><datafield ind1="0" ind2=" " tag="400"><subfield code="a">Sēmonidēs,</subfield><subfield code="c">ho Amorginos</subfield></datafield><datafield ind1="0" ind2=" " tag="400"><subfield code="a">Semonide,</subfield><subfield code="c">di Samo</subfield></datafield><datafield ind1=" " ind2=" " tag="670"><subfield code="a">Marg, W.</subfield><subfield code="b">Der charakter in der sprache der frühgriechischen dichtung (Semonides, Homer, Pindar), 1938.</subfield></datafield><datafield ind1=" " ind2=" " tag="670"><subfield code="a">His Semonide, 1990:</subfield><subfield code="b">t.p. (Semonide, Semonides) p. v (Semonide di Samo, detto l'Amorgino)</subfield></datafield></record>